@book{back2018evolutionary,
  title={Evolutionary computation 1: Basic algorithms and operators},
  author={B{\"a}ck, Thomas and Fogel, David B and Michalewicz, Zbigniew},
  year={2018},
  publisher={CRC press}
}

@misc{sampson1976adaptation,
  title={Adaptation in natural and artificial systems (John H. Holland)},
  author={Sampson, Jeffrey R},
  year={1976},
  publisher={Society for Industrial and Applied Mathematics}
}

@article{baltosser1996biostatistical,
  title={Biostatistical analysis},
  author={Baltosser, William H},
  journal={Ecology},
  volume={77},
  number={7},
  pages={2266--2268},
  year={1996},
  publisher={Ecological Society of America}
}

@book{mitchell1998introduction,
  title={An introduction to genetic algorithms},
  author={Mitchell, Melanie},
  year={1998},
  publisher={MIT press}
}

@article{deJong,
author = {De Jong, Kenneth},
year = {1975},
month = {01},
pages = {},
title = {An Analysis of the Behavior of a Class of Genetic Adaptive Systems}
}
@book{gendreau2010handbook,
  title={Handbook of metaheuristics},
  author={Gendreau, Michel and Potvin, Jean-Yves and others},
  volume={2},
  year={2010},
  publisher={Springer}
}
@book{rastrigin,
    title = {Systems of extremal control},
    publisher = {Mir, Moscow},
    author={Rastrigin, L. A.},
    year = {1974}
}
@article{al2017beta,
  title={$\beta$-Hill climbing: an exploratory local search},
  author={Al-Betar, Mohammed Azmi},
  journal={Neural Computing and Applications},
  volume={28},
  number={1},
  pages={153--168},
  year={2017},
  publisher={Springer}
}
@article{jamil2013literature,
  title={A literature survey of benchmark functions for global optimisation problems},
  author={Jamil, Momin and Yang, Xin-She},
  journal={International Journal of Mathematical Modelling and Numerical Optimisation},
  volume={4},
  number={2},
  pages={150--194},
  year={2013},
  publisher={Inderscience Publishers Ltd}
}

@article{back1997handbook,
  title={Handbook of evolutionary computation},
  author={B{\"a}ck, Thomas and Fogel, David B and Michalewicz, Zbigniew},
  journal={Release},
  volume={97},
  number={1},
  pages={B1},
  year={1997}
}

@online{jamesmccaffrey,
    author = "James D. McCaffrey",
    title = "Plotting Schwefel’s Function with SciLab",
    howpublished  = "\url{https://jamesmccaffrey.wordpress.com/2011/12/10/plotting-schwefels-function-with-scilab/}"
}

@online{researchgate,
    author = "David Moore",
    title = "A 2D test function known as the Michalewicz function (Michalewicz 1998) ",
    howpublished  = "\url{https://www.researchgate.net/figure/12-A-2D-test-function-known-as-the-Michalewicz-function-Michalewicz-1998_fig6_277197330}"
}

@online{wikiRastrigin,
    author = "Wikipedia",
    title = "Rastrigin function",
    howpublished  = "\url{https://en.wikipedia.org/wiki/Rastrigin_function}"
}

@online{HCSAME,
    author = "George Buțco",
    title = "Differences between Hill Climbing Algorithm (first improvement, best improvement) and Simulated Annealing Algorithm in finding Global Minimum of numeric functions",
    year = "2021",
    howpublished = "\url{https://github.com/George-debug/Uni-projects/blob/main/GA/T1/T1.pdf}"
}
